@inproceedings{vis,
  author    = {南京信息工程大学},
  title     = {南京信息工程大学视觉识别系统（VI系统）管理手册},
  year      = {2019},
  url       = {https://www.nuist.edu.cn/xybs/list.htm},
}